@article{byrd1999interior,
  title={An interior point algorithm for large-scale nonlinear programming},
  author={Byrd, Richard H and Hribar, Mary E and Nocedal, Jorge},
  journal={SIAM Journal on Optimization},
  volume={9},
  number={4},
  pages={877--900},
  year={1999},
  publisher={SIAM}
}
@misc{murtagh1983minos,
  title={{MINOS} 5.0 User's Guide, Report SOL 83-20, Department of Operations Research},
  author={Murtagh, Bruce A and Saunders, Michael A},
  year={1983},
  publisher={Stanford University}
}
@book{conn1992lancelot,
  title={{LANCELOT}: a Fortran package for large-scale nonlinear optimization (Release A)},
  author={Conn, Andrew R and Gould, GIM and Toint, Philippe L},
  year=1992,
  publisher={Springer Series in Computational Mathematics, Springer Verlag}
}
@article{gill2005snopt,
  title={{SNOPT}: An SQP algorithm for large-scale constrained optimization},
  author={Gill, Philip E and Murray, Walter and Saunders, Michael A},
  journal={SIAM review},
  volume={47},
  number={1},
  pages={99--131},
  year={2005},
  publisher={SIAM}
}
@article{fletcher1998user,
  title={User manual for filter{SQP}},
  author={Fletcher, Roger and Leyffer, Sven},
  journal={Numerical Analysis Report NA/181, Department of Mathematics, University of Dundee, Dundee, Scotland},
  year={1998}
}
@incollection{byrd2006knitro,
  title={{KNITRO}: An integrated package for nonlinear optimization},
  author={Byrd, Richard H and Nocedal, Jorge and Waltz, Richard A},
  booktitle={Large-scale nonlinear optimization},
  pages={35--59},
  year={2006},
  publisher={Springer}
}
@article{wachter2006implementation,
  title={On the implementation of an interior-point filter line-search algorithm for large-scale nonlinear programming},
  author={W{\"a}chter, Andreas and Biegler, Lorenz T},
  journal={Mathematical programming},
  volume={106},
  number={1},
  pages={25--57},
  year={2006},
  publisher={Springer}
}
@article{vanderbei1999loqo,
  title={{LOQO} user's manual-version 3.10},
  author={Vanderbei, Robert J},
  journal={Optimization methods and software},
  volume={11},
  number={1-4},
  pages={485--514},
  year={1999},
  publisher={Taylor \& Francis}
}
@TechReport{barnlp2000boing,
  author = 	 {John T. Betts and Samuel K. Eldersveld and Paul D. Frank and John G. Lewis},
  title = 	 {An Interior-Point Nonlinear Programming Algorithm for Very Large Scale
  Optimization},
  institution =  {The Boeing Company},
  year = 	 {2000},
  OPTkey = 	 {},
  OPTtype = 	 {},
  OPTnumber = 	 {},
  OPTaddress = 	 {},
  OPTmonth = 	 {},
  OPTnote = 	 {},
  OPTannote = 	 {}
}

@incollection{morales2003assessing,
  title={Assessing the potential of interior methods for nonlinear optimization},
  author={Morales, Jos{\'e} Luis and Nocedal, Jorge and Waltz, Richard A and Liu, Guanghui and Goux, Jean-Pierre},
  booktitle={Large-scale PDE-constrained Optimization},
  pages={167--183},
  year={2003},
  publisher={Springer}
}
@article{dolan2006optimality,
  title={Optimality measures for performance profiles},
  author={Dolan, Elizabeth D and Mor{\'e}, Jorge J and Munson, Todd S},
  journal={SIAM Journal on Optimization},
  volume={16},
  number={3},
  pages={891--909},
  year={2006},
  publisher={SIAM}
}
@article{byrd2000trust,
  title={A trust region method based on interior point techniques for nonlinear programming},
  author={Byrd, Richard H and Gilbert, Jean Charles and Nocedal, Jorge},
  journal={Mathematical Programming},
  volume={89},
  number={1},
  pages={149--185},
  year={2000},
  publisher={Springer}
}
@incollection{benson2003comparative,
  title={A comparative study of large-scale nonlinear optimization algorithms},
  author={Benson, Hande Y and Shanno, David F and Vanderbei, Robert J},
  booktitle={High performance algorithms and software for nonlinear optimization},
  pages={95--127},
  year={2003},
  publisher={Springer}
}
@misc{nocedal2006numerical,
  title={Numerical optimization},
  author={Nocedal, Jorge and Wright, Stephen J},
  edition={Second},
  year=2006,
  publisher={Springer Science \& Business Media}
}
@article{nocedal2014interior,
  title={An interior point method for nonlinear programming with infeasibility detection capabilities},
  author={Nocedal, Jorge and {\"O}ztoprak, Figen and Waltz, Richard A},
  journal={Optimization Methods and Software},
  volume={29},
  number={4},
  pages={837--854},
  year={2014},
  publisher={Taylor \& Francis}
}
@article{gould2015cutest,
  title={{CUTE}st: a constrained and unconstrained testing environment with safe threads for mathematical optimization},
  author={Gould, Nicholas IM and Orban, Dominique and Toint, Philippe L},
  journal={Computational Optimization and Applications},
  volume=60,
  number=3,
  pages={545--557},
  year=2015,
  publisher={Springer}
}
@article{byrd2003algorithm,
  title={An algorithm for nonlinear optimization using linear programming and equality constrained subproblems},
  author={Byrd, Richard H and Gould, Nicholas IM and Nocedal, Jorge and Waltz, Richard A},
  journal={Mathematical Programming},
  volume={100},
  number={1},
  pages={27--48},
  year={2003},
  publisher={Springer}
}
@article{coleman1983estimation,
  title={Estimation of sparse Jacobian matrices and graph coloring blems},
  author={Coleman, Thomas F and Mor{\'e}, Jorge J},
  journal={SIAM journal on Numerical Analysis},
  volume={20},
  number={1},
  pages={187--209},
  year={1983},
  publisher={SIAM}
}
@article{coleman1984estimation,
  title={Estimation of sparse Hessian matrices and graph coloring problems},
  author={Coleman, Thomas F and Mor{\'e}, Jorge J},
  journal={Mathematical Programming},
  volume={28},
  number={3},
  pages={243--270},
  year={1984},
  publisher={Springer}
}